<?xml version="1.0" encoding="UTF-8"?><collection xmlns="http://www.loc.gov/MARC21/slim"><record><leader>00512nam--2200169-i-4500</leader><controlfield tag="001">000018745</controlfield><controlfield tag="002">20161230</controlfield><controlfield tag="005">20161230201032</controlfield><controlfield tag="008">060222s1000------------r-----000-0-eng-d</controlfield><datafield ind1=" " ind2=" " tag="040"><subfield code="a">IFIN-HH</subfield></datafield><datafield ind1=" " ind2=" " tag="080"><subfield code="a">539.143.43</subfield></datafield><datafield ind1="1" ind2=" " tag="100"><subfield code="a">Griscom, David Lawrence</subfield></datafield><datafield ind1="1" ind2="0" tag="245"><subfield code="a">Paramagnetic peroxyborates: a magnetic resonance study</subfield><subfield code="b">Dissertation</subfield><subfield code="c">David lawrence griscom</subfield></datafield><datafield ind1=" " ind2=" " tag="260"><subfield code="a">Ann Arbor, Michigan</subfield><subfield code="b">University Microfilms, Inc</subfield><subfield code="c">1966</subfield></datafield><datafield ind1=" " ind2=" " tag="300"><subfield code="a">174P</subfield></datafield><datafield ind1=" " ind2=" " tag="852"><subfield code="a">29297</subfield><subfield code="c">549.143.43</subfield></datafield><datafield ind1=" " ind2=" " tag="CAT"><subfield code="a">Sys</subfield><subfield code="c">20120503</subfield><subfield code="h">122003</subfield></datafield></record></collection>